
@book{alberts2002,
	title = {Molecular Biology of the Cell},
	author = {Alberts, Bruce and Johnson, Alexander and Lewis, Julian and Raff, Martin and Roberts, Keith and Walter, Peter},
	year = {2002},
	date = {2002},
	publisher = {Garland Science},
	edition = {4th}
}

@article{stec2016,
	title = {Ribosome biogenesis may augment resistance training-induced myofiber hypertrophy and is required for myotube growth in vitro},
	author = {Stec, Michael J. and Kelly, Neil A. and Many, Gina M. and Windham, Samuel T. and Tuggle, S. Craig and Bamman, Marcas M.},
	year = {2016},
	month = {04},
	date = {2016-04-15},
	journal = {American Journal of Physiology. Endocrinology and Metabolism},
	pages = {E652--E661},
	volume = {310},
	number = {8},
	doi = {10.1152/ajpendo.00486.2015},
	note = {PMID: 26860985
PMCID: PMC4835943},
	langid = {eng}
}

@article{hammarström2020,
	title = {Benefits of higher resistance-training volume are related to ribosome biogenesis},
	author = {{Hammarström}, Daniel and {Øfsteng}, Sjur and Koll, Lise and Hanestadhaugen, Marita and Hollan, Ivana and {Apró}, William and Whist, Jon Elling and Blomstrand, Eva and {Rønnestad}, Bent R. and Ellefsen, Stian},
	year = {2020},
	month = {02},
	date = {2020-02},
	journal = {The Journal of Physiology},
	pages = {543--565},
	volume = {598},
	number = {3},
	doi = {10.1113/JP278455},
	note = {PMID: 31813190},
	langid = {eng}
}

@article{hammarström2020,
	title = {Benefits of higher resistance-training volume are related to ribosome biogenesis},
	author = {{Hammarström}, Daniel and {Øfsteng}, Sjur and Koll, Lise and Hanestadhaugen, Marita and Hollan, Ivana and {Apró}, William and Whist, Jon Elling and Blomstrand, Eva and {Rønnestad}, Bent R. and Ellefsen, Stian},
	year = {2020},
	month = {02},
	date = {2020-02},
	journal = {The Journal of Physiology},
	pages = {543--565},
	volume = {598},
	number = {3},
	doi = {10.1113/JP278455},
	note = {PMID: 31813190},
	langid = {eng}
}

@article{stec2016,
	title = {Ribosome biogenesis may augment resistance training-induced myofiber hypertrophy and is required for myotube growth in vitro},
	author = {Stec, Michael J. and Kelly, Neil A. and Many, Gina M. and Windham, Samuel T. and Tuggle, S. Craig and Bamman, Marcas M.},
	year = {2016},
	month = {04},
	date = {2016-04-15},
	journal = {American Journal of Physiology. Endocrinology and Metabolism},
	pages = {E652--E661},
	volume = {310},
	number = {8},
	doi = {10.1152/ajpendo.00486.2015},
	note = {PMID: 26860985
PMCID: PMC4835943},
	langid = {eng}
}

@article{timmons2011,
	title = {Variability in training-induced skeletal muscle adaptation},
	author = {Timmons, James A.},
	year = {2011},
	month = {03},
	date = {2011-03},
	journal = {Journal of Applied Physiology (Bethesda, Md.: 1985)},
	pages = {846--853},
	volume = {110},
	number = {3},
	doi = {10.1152/japplphysiol.00934.2010},
	note = {PMID: 21030666
PMCID: PMC3069632},
	langid = {eng}
}

@article{timmons2011,
	title = {Variability in training-induced skeletal muscle adaptation},
	author = {Timmons, James A.},
	year = {2011},
	month = {03},
	date = {2011-03},
	journal = {Journal of Applied Physiology (Bethesda, Md.: 1985)},
	pages = {846--853},
	volume = {110},
	number = {3},
	doi = {10.1152/japplphysiol.00934.2010},
	note = {PMID: 21030666
PMCID: PMC3069632},
	langid = {eng}
}

@article{raue2012,
	title = {Transcriptome signature of resistance exercise adaptations: mixed muscle and fiber type specific profiles in young and old adults},
	author = {Raue, Ulrika and Trappe, Todd A. and Estrem, Shawn T. and Qian, Hui-Rong and Helvering, Leah M. and Smith, Rosamund C. and Trappe, Scott},
	year = {2012},
	month = {05},
	date = {2012-05},
	journal = {Journal of Applied Physiology (Bethesda, Md.: 1985)},
	pages = {1625--1636},
	volume = {112},
	number = {10},
	doi = {10.1152/japplphysiol.00435.2011},
	note = {PMID: 22302958
PMCID: PMC3365403},
	langid = {eng}
}

@article{thalacker-mercer2013,
	title = {Cluster analysis reveals differential transcript profiles associated with resistance training-induced human skeletal muscle hypertrophy},
	author = {Thalacker-Mercer, Anna and Stec, Michael and Cui, Xiangqin and Cross, James and Windham, Samuel and Bamman, Marcas},
	year = {2013},
	month = {06},
	date = {2013-06-17},
	journal = {Physiological Genomics},
	pages = {499--507},
	volume = {45},
	number = {12},
	doi = {10.1152/physiolgenomics.00167.2012},
	note = {PMID: 23632419
PMCID: PMC3680779},
	langid = {eng}
}

@article{stec2016,
	title = {Ribosome biogenesis may augment resistance training-induced myofiber hypertrophy and is required for myotube growth in vitro},
	author = {Stec, Michael J. and Kelly, Neil A. and Many, Gina M. and Windham, Samuel T. and Tuggle, S. Craig and Bamman, Marcas M.},
	year = {2016},
	month = {04},
	date = {2016-04-15},
	journal = {American Journal of Physiology. Endocrinology and Metabolism},
	pages = {E652--E661},
	volume = {310},
	number = {8},
	doi = {10.1152/ajpendo.00486.2015},
	note = {PMID: 26860985
PMCID: PMC4835943},
	langid = {eng}
}

@article{americancollegeofsportsmedicine2009,
	title = {American College of Sports Medicine position stand. Progression models in resistance training for healthy adults},
	author = {American College of Sports Medicine, },
	year = {2009},
	month = {03},
	date = {2009-03},
	journal = {Medicine and Science in Sports and Exercise},
	pages = {687--708},
	volume = {41},
	number = {3},
	doi = {10.1249/MSS.0b013e3181915670},
	note = {PMID: 19204579},
	langid = {eng}
}

@article{glibetic1995,
	title = {The RNA polymerase I transcription factor UBF is the product of a primary response gene},
	author = {Glibetic, M. and Taylor, L. and Larson, D. and Hannan, R. and Sells, B. and Rothblum, L.},
	year = {1995},
	month = {03},
	date = {1995-03-03},
	journal = {The Journal of Biological Chemistry},
	pages = {4209--4212},
	volume = {270},
	number = {9},
	doi = {10.1074/jbc.270.9.4209},
	note = {PMID: 7876178},
	langid = {eng}
}

@book{alberts2002,
	title = {Molecular Biology of the Cell},
	author = {Alberts, Bruce and Johnson, Alexander and Lewis, Julian and Raff, Martin and Roberts, Keith and Walter, Peter},
	year = {2002},
	date = {2002},
	publisher = {Garland Science},
	edition = {4th}
}

@book{alberts2002,
	title = {Molecular Biology of the Cell},
	author = {Alberts, Bruce and Johnson, Alexander and Lewis, Julian and Raff, Martin and Roberts, Keith and Walter, Peter},
	year = {2002},
	date = {2002},
	publisher = {Garland Science},
	edition = {4th}
}
