@article{knuth84,
  author = {Knuth, Donald E.},
  title = {Literate Programming},
  year = {1984},
  issue_date = {May 1984},
  publisher = {Oxford University Press, Inc.},
  address = {USA},
  volume = {27},
  number = {2},
  issn = {0010-4620},
  url = {https://doi.org/10.1093/comjnl/27.2.97},
  doi = {10.1093/comjnl/27.2.97},
  journal = {Comput. J.},
  month = may,
  pages = {97–111},
  numpages = {15}
}



@article{halperin2015,
	title = {Threats to internal validity in exercise science: a review of overlooked confounding variables},
	author = {Halperin, Israel and Pyne, David B. and Martin, David T.},
	year = {2015},
	month = {10},
	date = {2015-10},
	journal = {International Journal of Sports Physiology and Performance},
	pages = {823--829},
	volume = {10},
	number = {7},
	doi = {10.1123/ijspp.2014-0566},
	note = {PMID: 25756869},
	langid = {eng}
}

@misc{physiolo,
	title = {Physiological Tests for Elite Athletes 2nd Edition PDF},
	url = {https://us.humankinetics.com/products/physiological-tests-for-elite-athletes-2nd-edition-pdf},
	langid = {en}
}

@article{hopkins2000,
	title = {Measures of reliability in sports medicine and science},
	author = {Hopkins, W. G.},
	year = {2000},
	month = {07},
	date = {2000-07},
	journal = {Sports Medicine (Auckland, N.Z.)},
	pages = {1--15},
	volume = {30},
	number = {1},
	doi = {10.2165/00007256-200030010-00001},
	note = {PMID: 10907753},
	langid = {eng}
}

@article{cronin2004,
	title = {Reliability and validity of a linear position transducer for measuring jump performance},
	author = {Cronin, John B. and Hing, Raewyn D. and McNair, Peter J.},
	year = {2004},
	month = {08},
	date = {2004-08},
	journal = {Journal of Strength and Conditioning Research},
	pages = {590--593},
	volume = {18},
	number = {3},
	doi = {10.1519/1533-4287(2004)18<590:RAVOAL>2.0.CO;2},
	note = {PMID: 15320688},
	langid = {eng}
}

@article{taylor2010,
	title = {Sources of variability in iso-inertial jump assessments},
	author = {Taylor, Kristie-Lee and Cronin, John and Gill, Nicholas D. and Chapman, Dale W. and Sheppard, Jeremy},
	year = {2010},
	month = {12},
	date = {2010-12},
	journal = {International Journal of Sports Physiology and Performance},
	pages = {546--558},
	volume = {5},
	number = {4},
	doi = {10.1123/ijspp.5.4.546},
	note = {PMID: 21266738},
	langid = {eng}
}

@article{pélabon2020,
	title = {On the use of the coefficient of variation to quantify and compare trait variation},
	author = {{Pélabon}, Christophe and Hilde, Christoffer H. and Einum, Sigurd and Gamelon, {Marlène}},
	year = {2020},
	month = {06},
	date = {2020-06},
	journal = {Evolution Letters},
	pages = {180--188},
	volume = {4},
	number = {3},
	doi = {10.1002/evl3.171},
	note = {PMID: 32547779
PMCID: PMC7293077},
	langid = {eng}
}

@article{tian2005,
	title = {Inferences on the common coefficient of variation},
	author = {Tian, Lili},
	year = {2005},
	month = {07},
	date = {2005-07-30},
	journal = {Statistics in Medicine},
	pages = {2213--2220},
	volume = {24},
	number = {14},
	doi = {10.1002/sim.2088},
	note = {PMID: 15803444},
	langid = {eng}
}

@article{hopkins2009,
	title = {Progressive Statistics for Studies in Sports Medicine and Exercise Science},
	author = {Hopkins, William and Marshall, Stephen and Batterham, Alan and Hanin, Yuri},
	year = {2009},
	month = {01},
	date = {2009-01-01},
	journal = {Medicine and science in sports and exercise},
	pages = {3--13},
	volume = {41},
	doi = {10.1249/MSS.0b013e31818cb278}
}

@misc{howtoi,
	title = {How to Interpret Changes in an Athletic Performance Test},
	url = {https://www.sportsci.org/jour/04/wghtests.htm}
}

@misc{hopkins2004,
	title = {How to Interpret Changes in an Athletic Performance Test},
	author = {Hopkins, Will G},
	year = {2004},
	date = {2004},
	url = {https://www.sportsci.org/jour/04/wghtests.htm}
}

@book{hempel2000,
	title = {The philosophy of Carl G. Hempel: studies in science, explanation and  rationality.},
	author = {Hempel, Carl G},
	year = {2000},
	date = {2000},
	publisher = {Oxford University Press},
	edition = {1},
	address = {Oxford},
	langid = {Engelsk}
}

@inbook{bøhn2015,
	title = {David Hume: naturalisme, skeptisisme og  sentimentalisme},
	author = {{Bøhn}, E.D. and Gjelsvik, O.},
	year = {2015},
	date = {2015},
	publisher = {IFIKK., UiO},
	address = {Oslo}
}

@inbook{malnes2018,
	title = {Samfunnsfilosofi: To klassikere og et tidløst tema.},
	author = {Malnes, R},
	year = {2018},
	date = {2018},
	publisher = {Universitetsforlaget},
	series = {1},
	address = {Oslo}
}

@article{buford2007,
	title = {A comparison of periodization models during nine weeks with equated volume and intensity for strength},
	author = {Buford, Thomas W. and Rossi, Stephen J. and Smith, Douglas B. and Warren, Aric J.},
	year = {2007},
	month = {11},
	date = {2007-11},
	journal = {Journal of Strength and Conditioning Research},
	pages = {1245--1250},
	volume = {21},
	number = {4},
	doi = {10.1519/R-20446.1},
	note = {PMID: 18076234},
	langid = {eng}
}

@article{delima2012,
	title = {Linear and daily undulating resistance training periodizations have differential beneficial effects in young sedentary women},
	author = {de Lima, C. and Boullosa, D. A. and Frollini, A. B. and Donatto, F. F. and Leite, R. D. and Gonelli, P. R. G. and Montebello, M. I. L. and Prestes, J. and Cesar, M. C.},
	year = {2012},
	month = {09},
	date = {2012-09},
	journal = {International Journal of Sports Medicine},
	pages = {723--727},
	volume = {33},
	number = {9},
	doi = {10.1055/s-0032-1306324},
	note = {PMID: 22562746},
	langid = {eng}
}

@article{foschini2010,
	title = {Treatment of obese adolescents: the influence of periodization models and ACE genotype},
	author = {Foschini, Denis and {Araújo}, Ronaldo C. and Bacurau, Reury F. P. and De Piano, Aline and De Almeida, Sandro S. and Carnier, June and Rosa, Thiago D. S. and De Mello, Marco T. and Tufik, {Sérgio} and {Dâmaso}, Ana R.},
	year = {2010},
	month = {04},
	date = {2010-04},
	journal = {Obesity (Silver Spring, Md.)},
	pages = {766--772},
	volume = {18},
	number = {4},
	doi = {10.1038/oby.2009.247},
	note = {PMID: 19680237},
	langid = {eng}
}

@article{harries2016,
	title = {Comparison of resistance training progression models on maximal strength in sub-elite adolescent rugby union players},
	author = {Harries, Simon K. and Lubans, David R. and Callister, Robin},
	year = {2016},
	month = {02},
	date = {2016-02},
	journal = {Journal of Science and Medicine in Sport},
	pages = {163--169},
	volume = {19},
	number = {2},
	doi = {10.1016/j.jsams.2015.01.007},
	note = {PMID: 25709054},
	langid = {eng}
}

@article{kok2009,
	title = {Enhancing muscular qualities in untrained women: linear versus undulating periodization},
	author = {Kok, Lian-Yee and Hamer, Peter W. and Bishop, David J.},
	year = {2009},
	month = {09},
	date = {2009-09},
	journal = {Medicine and Science in Sports and Exercise},
	pages = {1797--1807},
	volume = {41},
	number = {9},
	doi = {10.1249/MSS.0b013e3181a154f3},
	note = {PMID: 19657289},
	langid = {eng}
}

@article{patil2023,
	title = {Retraction: {\textquotedblleft}An Overview of Randomization Techniques: An Unbiased Assessment of Outcome in Clinical Research{\textquotedblright}},
	author = {Patil, M},
	year = {2023},
	month = {03},
	date = {2023-03},
	journal = {Journal of Human Reproductive Sciences},
	pages = {87},
	volume = {16},
	number = {1},
	doi = {10.4103/0974-1208.170593},
	url = {https://journals.lww.com/jhrs/fulltext/2023/16010/retraction___an_overview_of_randomization.13.aspx},
	langid = {canadian}
}

@article{moher2012,
	title = {CONSORT 2010 explanation and elaboration: updated guidelines for reporting parallel group randomised trials},
	author = {Moher, David and Hopewell, Sally and Schulz, Kenneth F. and Montori, Victor and {Gøtzsche}, Peter C. and Devereaux, P. J. and Elbourne, Diana and Egger, Matthias and Altman, Douglas G. and CONSORT, },
	year = {2012},
	date = {2012},
	journal = {International Journal of Surgery (London, England)},
	pages = {28--55},
	volume = {10},
	number = {1},
	doi = {10.1016/j.ijsu.2011.10.001},
	note = {PMID: 22036893},
	langid = {eng}
}

@article{fields2002,
	title = {Body-composition assessment via air-displacement plethysmography in adults and children: a review},
	author = {Fields, David A. and Goran, Michael I. and McCrory, Megan A.},
	year = {2002},
	month = {03},
	date = {2002-03},
	journal = {The American Journal of Clinical Nutrition},
	pages = {453--467},
	volume = {75},
	number = {3},
	doi = {10.1093/ajcn/75.3.453},
	note = {PMID: 11864850},
	langid = {eng}
}

@article{nijholt2017,
	title = {The reliability and validity of ultrasound to quantify muscles in older adults: a systematic review},
	author = {Nijholt, Willemke and Scafoglieri, Aldo and Jager-Wittenaar, {Harriët} and Hobbelen, Johannes S. M. and van der Schans, Cees P.},
	year = {2017},
	month = {10},
	date = {2017-10},
	journal = {Journal of Cachexia, Sarcopenia and Muscle},
	pages = {702--712},
	volume = {8},
	number = {5},
	doi = {10.1002/jcsm.12210},
	note = {PMID: 28703496
PMCID: PMC5659048},
	langid = {eng}
}

@article{larsen2021,
	title = {Accuracy and reliability of the InBody 270 multi-frequency body composition analyser in 10-12-year-old children},
	author = {Larsen, Malte Nejst and Krustrup, Peter and {Póvoas}, {Susana Cristina Araújo} and Castagna, Carlo},
	year = {2021},
	month = {03},
	date = {2021-03-26},
	journal = {PLOS ONE},
	pages = {e0247362},
	volume = {16},
	number = {3},
	doi = {10.1371/journal.pone.0247362},
	url = {https://journals.plos.org/plosone/article?id=10.1371/journal.pone.0247362},
	note = {Publisher: Public Library of Science},
	langid = {en}
}

@article{silva2009,
	title = {Are skinfold-based models accurate and suitable for assessing changes in body composition in highly trained athletes?},
	author = {Silva, Analiza M. and Fields, David A. and {Quitério}, Ana L. and Sardinha, {Luís B.}},
	year = {2009},
	month = {09},
	date = {2009-09},
	journal = {Journal of Strength and Conditioning Research},
	pages = {1688--1696},
	volume = {23},
	number = {6},
	doi = {10.1519/JSC.0b013e3181b3f0e4},
	note = {PMID: 19675495},
	langid = {eng}
}

@article{kim2015,
	title = {Statistical notes for clinical researchers: Type I and type II errors in statistical decision},
	author = {Kim, Hae-Young},
	year = {2015},
	month = {08},
	date = {2015-08},
	journal = {Restorative Dentistry & Endodontics},
	pages = {249--252},
	volume = {40},
	number = {3},
	doi = {10.5395/rde.2015.40.3.249},
	url = {https://www.ncbi.nlm.nih.gov/pmc/articles/PMC4534731/},
	note = {PMID: 26295030
PMCID: PMC4534731}
}

@article{defreitas2011,
	title = {An examination of the time course of training-induced skeletal muscle hypertrophy},
	author = {DeFreitas, Jason M. and Beck, Travis W. and Stock, Matt S. and Dillon, Michael A. and Kasishke, Paul R.},
	year = {2011},
	month = {11},
	date = {2011-11},
	journal = {European Journal of Applied Physiology},
	pages = {2785--2790},
	volume = {111},
	number = {11},
	doi = {10.1007/s00421-011-1905-4},
	note = {PMID: 21409401},
	langid = {eng}
}

@article{schoenfeld2013,
	title = {The effect of protein timing on muscle strength and hypertrophy: a meta-analysis},
	author = {Schoenfeld, Brad Jon and Aragon, Alan Albert and Krieger, James W.},
	year = {2013},
	month = {12},
	date = {2013-12-03},
	journal = {Journal of the International Society of Sports Nutrition},
	pages = {53},
	volume = {10},
	number = {1},
	doi = {10.1186/1550-2783-10-53},
	note = {PMID: 24299050
PMCID: PMC3879660},
	langid = {eng}
}

@article{dettori2011,
	title = {Loss to follow-up},
	author = {Dettori, Joseph R.},
	year = {2011},
	month = {02},
	date = {2011-02},
	journal = {Evidence-Based Spine-Care Journal},
	pages = {7--10},
	volume = {2},
	number = {1},
	doi = {10.1055/s-0030-1267080},
	url = {https://www.ncbi.nlm.nih.gov/pmc/articles/PMC3427970/},
	note = {PMID: 22956930
PMCID: PMC3427970}
}

@article{monaghan2021,
	title = {Blinding in Clinical Trials: Seeing the Big Picture},
	author = {Monaghan, Thomas F. and Agudelo, Christina W. and Rahman, Syed N. and Wein, Alan J. and Lazar, Jason M. and Everaert, Karel and Dmochowski, Roger R.},
	year = {2021},
	month = {06},
	date = {2021-06-24},
	journal = {Medicina (Kaunas, Lithuania)},
	pages = {647},
	volume = {57},
	number = {7},
	doi = {10.3390/medicina57070647},
	note = {PMID: 34202486
PMCID: PMC8308085},
	langid = {eng}
}

@article{kim2014,
	title = {Statistical notes for clinical researchers: Two-way analysis of variance (ANOVA)-exploring possible interaction between factors},
	author = {Kim, Hae-Young},
	year = {2014},
	month = {05},
	date = {2014-05},
	journal = {Restorative Dentistry & Endodontics},
	pages = {143--147},
	volume = {39},
	number = {2},
	doi = {10.5395/rde.2014.39.2.143},
	note = {PMID: 24790929
PMCID: PMC3978106},
	langid = {eng}
}

@article{pripp2017,
	title = {Antalls- og styrkeberegninger i medisinske studier},
	author = {Pripp, Are Hugo},
	year = {2017},
	month = {09},
	date = {2017-09-18},
	journal = {Tidsskrift for Den norske legeforening},
	doi = {10.4045/tidsskr.17.0414},
	url = {https://tidsskriftet.no/2017/09/medisin-og-tall/antalls-og-styrkeberegninger-i-medisinske-studier},
	langid = {nb}
}

@article{sullivan2012,
	title = {Using Effect Size{\textemdash}or Why the P Value Is Not Enough},
	author = {Sullivan, Gail M. and Feinn, Richard},
	year = {2012},
	month = {09},
	date = {2012-09},
	journal = {Journal of Graduate Medical Education},
	pages = {279--282},
	volume = {4},
	number = {3},
	doi = {10.4300/JGME-D-12-00156.1},
	url = {https://www.ncbi.nlm.nih.gov/pmc/articles/PMC3444174/},
	note = {PMID: 23997866
PMCID: PMC3444174}
}

@article{fethney2010,
	title = {Statistical and clinical significance, and how to use confidence intervals to help interpret both},
	author = {Fethney, Judith},
	year = {2010},
	month = {05},
	date = {2010-05},
	journal = {Australian Critical Care: Official Journal of the Confederation of Australian Critical Care Nurses},
	pages = {93--97},
	volume = {23},
	number = {2},
	doi = {10.1016/j.aucc.2010.03.001},
	note = {PMID: 20347326},
	langid = {eng}
}

@article{hojat2004,
	title = {A visitor's guide to effect sizes: statistical significance versus practical (clinical) importance of research findings},
	author = {Hojat, Mohammadreza and Xu, Gang},
	year = {2004},
	date = {2004},
	journal = {Advances in Health Sciences Education: Theory and Practice},
	pages = {241--249},
	volume = {9},
	number = {3},
	doi = {10.1023/B:AHSE.0000038173.00909.f6},
	note = {PMID: 15316274},
	langid = {eng}
}

@article{davis2021,
	title = {Inclusion of Effect Size Measures and Clinical Relevance in Research Papers},
	author = {Davis, Sara L. and Johnson, Ann H. and Lynch, Thuy and Gray, Laura and Pryor, Erica R. and Azuero, Andres and Soistmann, Heather C. and Phillips, Shameka R. and Rice, Marti},
	year = {2021},
	date = {2021},
	journal = {Nursing research},
	pages = {222--230},
	volume = {70},
	number = {3},
	doi = {10.1097/NNR.0000000000000494},
	url = {https://www.ncbi.nlm.nih.gov/pmc/articles/PMC8939369/},
	note = {PMID: 33323832
PMCID: PMC8939369}
}

@article{mishra2019,
	title = {Application of Student's t-test, Analysis of Variance, and Covariance},
	author = {Mishra, Prabhaker and Singh, Uttam and Pandey, Chandra M and Mishra, Priyadarshni and Pandey, Gaurav},
	year = {2019},
	date = {2019},
	journal = {Annals of Cardiac Anaesthesia},
	pages = {407--411},
	volume = {22},
	number = {4},
	doi = {10.4103/aca.ACA_94_19},
	url = {https://www.ncbi.nlm.nih.gov/pmc/articles/PMC6813708/},
	note = {PMID: 31621677
PMCID: PMC6813708}
}

@article{lee2018,
	title = {What is the proper way to apply the multiple comparison test?},
	author = {Lee, Sangseok and Lee, Dong Kyu},
	year = {2018},
	month = {10},
	date = {2018-10},
	journal = {Korean Journal of Anesthesiology},
	pages = {353--360},
	volume = {71},
	number = {5},
	doi = {10.4097/kja.d.18.00242},
	note = {PMID: 30157585
PMCID: PMC6193594},
	langid = {eng}
}

@article{harrison2018,
	title = {A brief introduction to mixed effects modelling and multi-model inference in ecology},
	author = {Harrison, Xavier A. and Donaldson, Lynda and Correa-Cano, Maria Eugenia and Evans, Julian and Fisher, David N. and Goodwin, Cecily E. D. and Robinson, Beth S. and Hodgson, David J. and Inger, Richard},
	year = {2018},
	date = {2018},
	journal = {PeerJ},
	pages = {e4794},
	volume = {6},
	doi = {10.7717/peerj.4794},
	note = {PMID: 29844961
PMCID: PMC5970551},
	langid = {eng}
}

@article{kim2019,
	title = {Statistical notes for clinical researchers: the independent samples t-test},
	author = {Kim, Hae-Young},
	year = {2019},
	month = {07},
	date = {2019-07-17},
	journal = {Restorative Dentistry & Endodontics},
	pages = {e26},
	volume = {44},
	number = {3},
	doi = {10.5395/rde.2019.44.e26},
	url = {https://www.ncbi.nlm.nih.gov/pmc/articles/PMC6713081/},
	note = {PMID: 31485422
PMCID: PMC6713081}
}

@article{muhammad2023,
	title = {Guidelines for repeated measures statistical analysis approaches with basic science research considerations},
	author = {Muhammad, Lutfiyya N.},
	year = {2023},
	date = {2023},
	journal = {The Journal of Clinical Investigation},
	pages = {e171058},
	volume = {133},
	number = {11},
	doi = {10.1172/JCI171058},
	url = {https://www.ncbi.nlm.nih.gov/pmc/articles/PMC10231988/},
	note = {PMID: 37259921
PMCID: PMC10231988}
}

@article{lindquist2015,
	title = {Zen and the art of multiple comparisons},
	author = {Lindquist, Martin A. and Mejia, Amanda},
	year = {2015},
	date = {2015},
	journal = {Psychosomatic Medicine},
	pages = {114--125},
	volume = {77},
	number = {2},
	doi = {10.1097/PSY.0000000000000148},
	note = {PMID: 25647751
PMCID: PMC4333023},
	langid = {eng}
}

@book{thomas2015,
	title = {Research methods in physical activity},
	author = {Thomas, J.R and Nelson, J.K and Silverman, S.J},
	year = {2015},
	month = {07},
	date = {2015-07-17},
	publisher = {Human kinetics},
	edition = {7},
	langid = {Engelsk}
}

@article{faber2014,
	title = {How sample size influences research outcomes},
	author = {Faber, Jorge and Fonseca, Lilian Martins},
	year = {2014},
	date = {2014},
	journal = {Dental Press Journal of Orthodontics},
	pages = {27--29},
	volume = {19},
	number = {4},
	doi = {10.1590/2176-9451.19.4.027-029.ebo},
	url = {https://www.ncbi.nlm.nih.gov/pmc/articles/PMC4296634/},
	note = {PMID: 25279518
PMCID: PMC4296634}
}

@article{koo2016,
	title = {A Guideline of Selecting and Reporting Intraclass Correlation Coefficients for Reliability Research},
	author = {Koo, Terry K. and Li, Mae Y.},
	year = {2016},
	month = {06},
	date = {2016-06},
	journal = {Journal of Chiropractic Medicine},
	pages = {155--163},
	volume = {15},
	number = {2},
	doi = {10.1016/j.jcm.2016.02.012},
	url = {https://www.ncbi.nlm.nih.gov/pmc/articles/PMC4913118/},
	note = {PMID: 27330520
PMCID: PMC4913118}
}

@article{divecha2023,
	title = {Utilizing tables, figures, charts and graphs to enhance the readability of a research paper},
	author = {Divecha, C. A. and Tullu, M. S. and Karande, S.},
	year = {2023},
	date = {2023},
	journal = {Journal of Postgraduate Medicine},
	pages = {125--131},
	volume = {69},
	number = {3},
	doi = {10.4103/jpgm.jpgm_387_23},
	note = {PMID: 37395532
PMCID: PMC10394528},
	langid = {eng}
}

@article{wolfe2006,
	title = {The underappreciated role of muscle in health and disease},
	author = {Wolfe, Robert},
	year = {2006},
	month = {10},
	date = {2006-10-01},
	journal = {The American journal of clinical nutrition},
	pages = {475--82},
	volume = {84},
	doi = {10.1093/ajcn/84.3.475}
}

@article{chalhoub2018,
	title = {Associations Between Lean Mass, Muscle Strength and Power, and Skeletal Size, Density and Strength in Older Men},
	author = {Chalhoub, Didier and Boudreau, Robert and Greenspan, Susan and Newman, Anne B. and Zmuda, Joseph and Frank-Wilson, Andrew W. and Nagaraj, Nayana and Hoffman, Andrew R. and Lane, Nancy E. and Stefanick, Marcia L. and Barrett-Connor, Elizabeth and Dam, Tien and Cawthon, Peggy M. and Orwoll, Eric S. and Cauley, Jane A. and {Osteoporotic Fractures in Men (MrOS) Study Research Group}, },
	year = {2018},
	month = {09},
	date = {2018-09},
	journal = {Journal of Bone and Mineral Research: The Official Journal of the American Society for Bone and Mineral Research},
	pages = {1612--1621},
	volume = {33},
	number = {9},
	doi = {10.1002/jbmr.3458},
	note = {PMID: 29701926
PMCID: PMC6266871},
	langid = {eng}
}

@article{hayashida2014,
	title = {Correlation between muscle strength and muscle mass, and their association with walking speed, in community-dwelling elderly Japanese individuals},
	author = {Hayashida, Itsushi and Tanimoto, Yoshimi and Takahashi, Yuka and Kusabiraki, Toshiyuki and Tamaki, Junko},
	year = {2014},
	date = {2014},
	journal = {PloS One},
	pages = {e111810},
	volume = {9},
	number = {11},
	doi = {10.1371/journal.pone.0111810},
	note = {PMID: 25365291
PMCID: PMC4218822},
	langid = {eng}
}

@article{mckendry2021,
	title = {Resistance Exercise, Aging, Disuse, and Muscle Protein Metabolism},
	author = {McKendry, James and Stokes, Tanner and Mcleod, Jonathan C. and Phillips, Stuart M.},
	year = {2021},
	month = {06},
	date = {2021-06-30},
	journal = {Comprehensive Physiology},
	pages = {2249--2278},
	volume = {11},
	number = {3},
	doi = {10.1002/cphy.c200029},
	note = {PMID: 34190341},
	langid = {eng}
}

@article{schoenfeld2010,
	title = {The mechanisms of muscle hypertrophy and their application to resistance training},
	author = {Schoenfeld, Brad J.},
	year = {2010},
	month = {10},
	date = {2010-10},
	journal = {Journal of Strength and Conditioning Research},
	pages = {2857--2872},
	volume = {24},
	number = {10},
	doi = {10.1519/JSC.0b013e3181e840f3},
	note = {PMID: 20847704},
	langid = {eng}
}

@article{terzis2008,
	title = {Resistance exercise-induced increase in muscle mass correlates with p70S6 kinase phosphorylation in human subjects},
	author = {Terzis, Gerasimos and Georgiadis, Giorgos and Stratakos, Grigoris and Vogiatzis, Ioannis and Kavouras, Stavros and Manta, Panagiota and Mascher, Henrik and Blomstrand, Eva},
	year = {2008},
	month = {01},
	date = {2008-01},
	journal = {European Journal of Applied Physiology},
	pages = {145--152},
	volume = {102},
	number = {2},
	doi = {10.1007/s00421-007-0564-y},
	note = {PMID: 17874120},
	langid = {eng}
}

@article{dankel2017,
	title = {Muscle adaptations following 21 consecutive days of strength test familiarization compared with traditional training},
	author = {Dankel, Scott J. and Counts, Brittany R. and Barnett, Brian E. and Buckner, Samuel L. and Abe, Takashi and Loenneke, Jeremy P.},
	year = {2017},
	month = {08},
	date = {2017-08},
	journal = {Muscle & Nerve},
	pages = {307--314},
	volume = {56},
	number = {2},
	doi = {10.1002/mus.25488},
	note = {PMID: 27875635},
	langid = {eng}
}

@article{wernbom2007,
	title = {The influence of frequency, intensity, volume and mode of strength training on whole muscle cross-sectional area in humans},
	author = {Wernbom, Mathias and Augustsson, Jesper and {Thomeé}, Roland},
	year = {2007},
	date = {2007},
	journal = {Sports Medicine (Auckland, N.Z.)},
	pages = {225--264},
	volume = {37},
	number = {3},
	doi = {10.2165/00007256-200737030-00004},
	note = {PMID: 17326698},
	langid = {eng}
}

@article{schoenfeld2016,
	title = {Dose-response relationship between weekly resistance training volume and increases in muscle mass: A systematic review and meta-analysis},
	author = {Schoenfeld, Brad and Ogborn, Daniel and Krieger, James},
	year = {2016},
	month = {07},
	date = {2016-07-19},
	journal = {Journal of Sports Sciences},
	pages = {1--10},
	volume = {35},
	doi = {10.1080/02640414.2016.1210197}
}

@article{schoenfeld2017,
	title = {Dose-response relationship between weekly resistance training volume and increases in muscle mass: A systematic review and meta-analysis},
	author = {Schoenfeld, Brad J. and Ogborn, Dan and Krieger, James W.},
	year = {2017},
	month = {06},
	date = {2017-06},
	journal = {Journal of Sports Sciences},
	pages = {1073--1082},
	volume = {35},
	number = {11},
	doi = {10.1080/02640414.2016.1210197},
	note = {PMID: 27433992},
	langid = {eng}
}

@article{mckendry2016,
	title = {Short inter-set rest blunts resistance exercise-induced increases in myofibrillar protein synthesis and intracellular signalling in young males},
	author = {McKendry, James and {Pérez-López}, Alberto and McLeod, Michael and Luo, Dan and Dent, Jessica R. and Smeuninx, Benoit and Yu, Jinglei and Taylor, Angela E. and Philp, Andrew and Breen, Leigh},
	year = {2016},
	month = {07},
	date = {2016-07-01},
	journal = {Experimental Physiology},
	pages = {866--882},
	volume = {101},
	number = {7},
	doi = {10.1113/EP085647},
	note = {PMID: 27126459},
	langid = {eng}
}

@article{ato2016,
	title = {Contraction mode itself does not determine the level of mTORC1 activity in rat skeletal muscle},
	author = {Ato, Satoru and Makanae, Yuhei and Kido, Kohei and Fujita, Satoshi},
	year = {2016},
	month = {09},
	date = {2016-09-28},
	journal = {Physiological Reports},
	pages = {e12976},
	volume = {4},
	number = {19},
	doi = {10.14814/phy2.12976},
	url = {https://www.ncbi.nlm.nih.gov/pmc/articles/PMC5064134/},
	note = {PMID: 27688433
PMCID: PMC5064134}
}

@article{burd2012,
	title = {Bigger weights may not beget bigger muscles: evidence from acute muscle protein synthetic responses after resistance exercise},
	author = {Burd, Nicholas A. and Mitchell, Cameron J. and Churchward-Venne, Tyler A. and Phillips, Stuart M.},
	year = {2012},
	month = {06},
	date = {2012-06},
	journal = {Applied Physiology, Nutrition, and Metabolism = Physiologie Appliquee, Nutrition Et Metabolisme},
	pages = {551--554},
	volume = {37},
	number = {3},
	doi = {10.1139/h2012-022},
	note = {PMID: 22533517},
	langid = {eng}
}

@article{bird2005,
	title = {Designing resistance training programmes to enhance muscular fitness: A review of the acute programme variables},
	author = {Bird, Stephen and Tarpenning, Kyle and Marino, Frank},
	year = {2005},
	month = {01},
	date = {2005-01-01},
	journal = {Sports Medicine},
	pages = {841--51},
	volume = {35},
	doi = {10.2165/00007256-200535100-00002}
}

@article{heaselgrave2018,
	title = {Dose-Response of Weekly Resistance Training Volume and Frequency on Muscular Adaptations in Trained Males.},
	author = {Heaselgrave, Sam and Mckendry, James and Smeuninx, Benoit},
	year = {2018},
	month = {08},
	date = {2018-08-13}
}

@article{figueiredo2018,
	title = {Volume for Muscle Hypertrophy and Health Outcomes: The Most Effective Variable in Resistance Training},
	author = {Figueiredo, V.C and de Salles, B.F and Trajano, G.S},
	year = {2018},
	month = {03},
	date = {2018-03},
	journal = {Sports medicine (Auckland, N.Z.)},
	volume = {48},
	number = {3},
	doi = {10.1007/s40279-017-0793-0},
	url = {https://pubmed.ncbi.nlm.nih.gov/29022275/},
	note = {Publisher: Sports Med
PMID: 29022275},
	langid = {en}
}

@article{grgic2018,
	title = {Effect of Resistance Training Frequency on Gains in Muscular Strength: A Systematic Review and Meta-Analysis},
	author = {Grgic, J and Schoenfeld, B.J and Davies, T.B and Krieger, J.W and Pedisic, Z and Lazinica, B},
	year = {2018},
	month = {05},
	date = {2018-05},
	journal = {Sports medicine (Auckland, N.Z.)},
	volume = {48},
	number = {5},
	doi = {10.1007/s40279-018-0872-x},
	url = {https://pubmed.ncbi.nlm.nih.gov/29470825/},
	note = {Publisher: Sports Med
PMID: 29470825},
	langid = {en}
}

@article{ralston2017,
	title = {The Effect of Weekly Set Volume on Strength Gain: A Meta-Analysis},
	author = {Ralston, W.R and Kilgore, L and Wyatt, F.B and Baker, J.S},
	year = {2017},
	month = {12},
	date = {2017-12},
	journal = {Sports medicine (Auckland, N.Z.)},
	volume = {47},
	number = {12},
	doi = {10.1007/s40279-017-0762-7},
	url = {https://pubmed.ncbi.nlm.nih.gov/28755103/},
	note = {Publisher: Sports Med
PMID: 28755103},
	langid = {en}
}

@article{schoenfeld2017a,
	title = {Dose-response relationship between weekly resistance training volume and increases in muscle mass: A systematic review and meta-analysis},
	author = {Schoenfeld, Brad J. and Ogborn, Dan and Krieger, James W.},
	year = {2017},
	month = {06},
	date = {2017-06},
	journal = {Journal of Sports Sciences},
	pages = {1073--1082},
	volume = {35},
	number = {11},
	doi = {10.1080/02640414.2016.1210197},
	note = {PMID: 27433992},
	langid = {eng}
}

@article{mitchell2012,
	title = {Resistance exercise load does not determine training-mediated hypertrophic gains in young men},
	author = {Mitchell, Cameron J. and Churchward-Venne, Tyler A. and West, Daniel W. D. and Burd, Nicholas A. and Breen, Leigh and Baker, Steven K. and Phillips, Stuart M.},
	year = {2012},
	month = {07},
	date = {2012-07-07},
	journal = {Journal of Applied Physiology},
	pages = {71},
	volume = {113},
	number = {1},
	doi = {10.1152/japplphysiol.00307.2012},
	url = {https://www.ncbi.nlm.nih.gov/pmc/articles/PMC3404827/},
	note = {Publisher: American Physiological Society
PMID: 22518835},
	langid = {en}
}

@article{ostrowski1997,
	title = {The Effect of Weight Training Volume on Hormonal Output and Muscular Size and Function},
	author = {Ostrowski, Karl J. and Wilson, Greg J. and Weatherby, Robert and Murphy, Peter W. and Lyttle, Andrew D.},
	year = {1997},
	date = {1997},
	journal = {The Journal of Strength and Conditioning Research},
	pages = {148},
	volume = {11},
	number = {3},
	doi = {10.1519/1533-4287(1997)011<0148:TEOWTV>2.3.CO;2},
	url = {http://nsca.allenpress.com/nscaonline/?request=get-abstract&doi=10.1519%2F1533-4287(1997)011%3C0148%3ATEOWTV%3E2.3.CO%3B2},
	langid = {en}
}

@article{radaelli2014,
	title = {Time course of low- and high-volume strength training on neuromuscular adaptations and muscle quality in older women},
	author = {Radaelli, R and Botton, C.E and Wilhelm, E.N and Bottaro, M and Brown, L.E and Lacerda, F and Gaya, A and Moraes, K and Peruzzolo, A and Pinto, R.S},
	year = {2014},
	month = {04},
	date = {2014-04},
	journal = {Age (Dordrecht, Netherlands)},
	volume = {36},
	number = {2},
	doi = {10.1007/s11357-013-9611-2},
	url = {https://pubmed.ncbi.nlm.nih.gov/24414336/},
	note = {Publisher: Age (Dordr)
PMID: 24414336},
	langid = {en}
}

@article{carroll2001,
	title = {Neural adaptations to resistance training: implications for movement control},
	author = {Carroll, T.J and Riek, S and Carson, R.G},
	year = {2001},
	date = {2001},
	journal = {Sports medicine (Auckland, N.Z.)},
	volume = {31},
	number = {12},
	doi = {10.2165/00007256-200131120-00001},
	url = {https://pubmed.ncbi.nlm.nih.gov/11665911/},
	note = {Publisher: Sports Med
PMID: 11665911},
	langid = {en}
}

@article{aube2022,
	title = {Progressive Resistance Training Volume: Effects on Muscle Thickness, Mass, and Strength Adaptations in Resistance-Trained Individuals},
	author = {Aube, Daniel and Wadhi, Tanuj and Rauch, Jacob and Anand, Ashmeet and Barakat, Christopher and Pearson, Jeremy and Bradshaw, Joshua and Zazzo, Spencer and Ugrinowitsch, Carlos and De Souza, Eduardo O.},
	year = {2022},
	month = {03},
	date = {2022-03-01},
	journal = {Journal of Strength and Conditioning Research},
	pages = {600--607},
	volume = {36},
	number = {3},
	doi = {10.1519/JSC.0000000000003524},
	note = {PMID: 32058362},
	langid = {eng}
}

@article{brigatto2022,
	title = {High Resistance-Training Volume Enhances Muscle Thickness in Resistance-Trained Men},
	author = {Brigatto, Felipe A. and Lima, Leonardo Emmanuel de Medeiros and Germano, {Moisés D.} and Aoki, Marcelo S. and Braz, Tiago V. and Lopes, Charles R.},
	year = {2022},
	month = {01},
	date = {2022-01-01},
	journal = {Journal of Strength and Conditioning Research},
	pages = {22--30},
	volume = {36},
	number = {1},
	doi = {10.1519/JSC.0000000000003413},
	note = {PMID: 31868813},
	langid = {eng}
}

@article{schoenfeld2019,
	title = {Resistance Training Volume Enhances Muscle Hypertrophy but Not Strength in Trained Men},
	author = {Schoenfeld, Brad J. and Contreras, Bret and Krieger, James and Grgic, Jozo and Delcastillo, Kenneth and Belliard, Ramon and Alto, Andrew},
	year = {2019},
	month = {01},
	date = {2019-01},
	journal = {Medicine and Science in Sports and Exercise},
	pages = {94--103},
	volume = {51},
	number = {1},
	doi = {10.1249/MSS.0000000000001764},
	note = {PMID: 30153194
PMCID: PMC6303131},
	langid = {eng}
}

@article{damas2015,
	title = {A review of resistance training-induced changes in skeletal muscle protein synthesis and their contribution to hypertrophy},
	author = {Damas, F and Phillips, S and Vechin, F.C and Ugrinowitsch, C},
	year = {2015},
	month = {06},
	date = {2015-06},
	journal = {Sports medicine (Auckland, N.Z.)},
	volume = {45},
	number = {6},
	doi = {10.1007/s40279-015-0320-0},
	url = {https://pubmed.ncbi.nlm.nih.gov/25739559/},
	note = {Publisher: Sports Med
PMID: 25739559},
	langid = {en}
}

@article{tang2008,
	title = {Resistance training alters the response of fed state mixed muscle protein synthesis in young men},
	author = {Tang, J.E and Perco, J.G and Moore, D.R and Wilkinson, S.B and Phillips, S.M},
	year = {2008},
	month = {01},
	date = {2008-01},
	journal = {American journal of physiology. Regulatory, integrative and comparative physiology},
	volume = {294},
	number = {1},
	doi = {10.1152/ajpregu.00636.2007},
	url = {https://pubmed.ncbi.nlm.nih.gov/18032468/},
	note = {Publisher: Am J Physiol Regul Integr Comp Physiol
PMID: 18032468},
	langid = {en}
}

@article{wilkinson2008,
	title = {Differential effects of resistance and endurance exercise in the fed state on signalling molecule phosphorylation and protein synthesis in human muscle},
	author = {Wilkinson, Sarah B. and Phillips, Stuart M. and Atherton, Philip J. and Patel, Rekha and Yarasheski, Kevin E. and Tarnopolsky, Mark A. and Rennie, Michael J.},
	year = {2008},
	month = {08},
	date = {2008-08-08},
	journal = {The Journal of Physiology},
	pages = {3701},
	volume = {586},
	number = {Pt 15},
	doi = {10.1113/jphysiol.2008.153916},
	url = {https://www.ncbi.nlm.nih.gov/pmc/articles/PMC2538832/},
	note = {Publisher: Wiley-Blackwell
PMID: 18556367},
	langid = {en}
}

@article{amirthalingamt2017,
	title = {Effects of a Modified German Volume Training Program on Muscular Hypertrophy and Strength},
	author = {Amirthalingam T,  and Mavros Y,  and Wilson Gc,  and Clarke Jl,  and Mitchell L,  and Hackett Da, },
	year = {2017},
	month = {11},
	date = {2017-11},
	journal = {Journal of strength and conditioning research},
	volume = {31},
	number = {11},
	doi = {10.1519/JSC.0000000000001747},
	url = {https://pubmed.ncbi.nlm.nih.gov/27941492/},
	note = {Publisher: J Strength Cond Res
PMID: 27941492},
	langid = {en}
}

@article{radaelli2015,
	title = {Dose-response of 1, 3, and 5 sets of resistance exercise on strength, local muscular endurance, and hypertrophy},
	author = {Radaelli, Regis and Fleck, Steven J. and Leite, Thalita and Leite, Richard D. and Pinto, Ronei S. and Fernandes, Liliam and {Simão}, Roberto},
	year = {2015},
	month = {05},
	date = {2015-05},
	journal = {Journal of Strength and Conditioning Research},
	pages = {1349--1358},
	volume = {29},
	number = {5},
	doi = {10.1519/JSC.0000000000000758},
	note = {PMID: 25546444},
	langid = {eng}
}

@article{ahtiainen2016,
	title = {Heterogeneity in resistance training-induced muscle strength and mass responses in men and women of different ages},
	author = {Ahtiainen, Juha P. and Walker, Simon and Peltonen, Heikki and Holviala, Jarkko and {Sillanpää}, Elina and Karavirta, Laura and Sallinen, Janne and Mikkola, Jussi and Valkeinen, Heli and Mero, Antti and Hulmi, Juha J. and {Häkkinen}, Keijo},
	year = {2016},
	month = {02},
	date = {2016-02},
	journal = {Age},
	pages = {10},
	volume = {38},
	number = {1},
	doi = {10.1007/s11357-015-9870-1},
	url = {https://www.ncbi.nlm.nih.gov/pmc/articles/PMC5005877/},
	note = {PMID: 26767377
PMCID: PMC5005877}
}

@article{krieger2009,
	title = {Single versus multiple sets of resistance exercise: a meta-regression},
	author = {Krieger, James W.},
	year = {2009},
	month = {09},
	date = {2009-09},
	journal = {Journal of Strength and Conditioning Research},
	pages = {1890--1901},
	volume = {23},
	number = {6},
	doi = {10.1519/JSC.0b013e3181b370be},
	note = {PMID: 19661829},
	langid = {eng}
}

@article{terzis2010,
	title = {The degree of p70 S6k and S6 phosphorylation in human skeletal muscle in response to resistance exercise depends on the training volume},
	author = {Terzis, Gerasimos and Spengos, Konstantinos and Mascher, Henrik and Georgiadis, Giorgos and Manta, Panagiota and Blomstrand, Eva},
	year = {2010},
	month = {11},
	date = {2010-11},
	journal = {European Journal of Applied Physiology},
	pages = {835--843},
	volume = {110},
	number = {4},
	doi = {10.1007/s00421-010-1527-2},
	note = {PMID: 20617335},
	langid = {eng}
}

@article{tibana2017,
	title = {The Effects of Resistance Training Volume on Skeletal Muscle Proteome},
	author = {Tibana, Ramires A. and Franco, {Octávio L.} and Cunha, Gabriel V. and Sousa, Nuno M. F. and Sousa Neto, Ivo V. and Carvalho, {Márcia M.} and Almeida, Jesser A. and Durigan, {João L. Q.} and Marqueti, Rita C. and Navalta, James W. and Lobo, Mariana O. and Voltarelli, Fabricio A. and Prestes, Jonato},
	year = {2017},
	date = {2017},
	journal = {International Journal of Exercise Science},
	pages = {1051--1066},
	volume = {10},
	number = {7},
	note = {PMID: 29170706
PMCID: PMC5685085},
	langid = {eng}
}

@article{gonzalez2015,
	title = {Association between myosin heavy chain protein isoforms and intramuscular anabolic signaling following resistance exercise in trained men},
	author = {Gonzalez, Adam M. and Hoffman, Jay R. and Townsend, Jeremy R. and Jajtner, Adam R. and Wells, Adam J. and Beyer, Kyle S. and Willoughby, Darryn S. and Oliveira, Leonardo P. and Fukuda, David H. and Fragala, Maren S. and Stout, Jeffrey R.},
	year = {2015},
	month = {01},
	date = {2015-01-27},
	journal = {Physiological Reports},
	pages = {e12268},
	volume = {3},
	number = {1},
	doi = {10.14814/phy2.12268},
	url = {https://www.ncbi.nlm.nih.gov/pmc/articles/PMC4387748/},
	note = {PMID: 25626869
PMCID: PMC4387748}
}

@article{kim2005,
	title = {Fasted-state skeletal muscle protein synthesis after resistance exercise is altered with training},
	author = {Kim, Paul L. and Staron, Robert S. and Phillips, Stuart M.},
	year = {2005},
	month = {10},
	date = {2005-10-01},
	journal = {The Journal of Physiology},
	pages = {283--290},
	volume = {568},
	number = {Pt 1},
	doi = {10.1113/jphysiol.2005.093708},
	note = {PMID: 16051622
PMCID: PMC1474760},
	langid = {eng}
}

@article{krieger2010,
	title = {Single vs. multiple sets of resistance exercise for muscle hypertrophy: a meta-analysis},
	author = {Krieger, James W.},
	year = {2010},
	month = {04},
	date = {2010-04},
	journal = {Journal of Strength and Conditioning Research},
	pages = {1150--1159},
	volume = {24},
	number = {4},
	doi = {10.1519/JSC.0b013e3181d4d436},
	note = {PMID: 20300012},
	langid = {eng}
}

@misc{tannergore2012,
	title = {Physiological Tests for Elite Athletes 2nd Edition PDF},
	author = {{Tanner & Gore}, },
	year = {2012},
	date = {2012},
	url = {https://us.humankinetics.com/products/physiological-tests-for-elite-athletes-2nd-edition-pdf},
	langid = {en}
}

@misc{tanner2012,
	title = {Physiological Tests for Elite Athletes 2nd Edition PDF},
	author = {Tanner, },
	year = {2012},
	date = {2012},
	url = {https://us.humankinetics.com/products/physiological-tests-for-elite-athletes-2nd-edition-pdf},
	langid = {en}
}

@article{nijholt2017a,
	title = {The reliability and validity of ultrasound to quantify muscles in older adults: a systematic review},
	author = {Nijholt, Willemke and Scafoglieri, Aldo and Jager-Wittenaar, {Harriët} and Hobbelen, Johannes S. M. and van der Schans, Cees P.},
	year = {2017},
	month = {10},
	date = {2017-10},
	journal = {Journal of Cachexia, Sarcopenia and Muscle},
	pages = {702--712},
	volume = {8},
	number = {5},
	doi = {10.1002/jcsm.12210},
	note = {PMID: 28703496
PMCID: PMC5659048},
	langid = {eng}
}

@article{nijholt2017b,
	title = {The reliability and validity of ultrasound to quantify muscles in older adults: a systematic review},
	author = {Nijholt, Willemke and Scafoglieri, Aldo and Jager-Wittenaar, {Harriët} and Hobbelen, Johannes S. M. and van der Schans, Cees P.},
	year = {2017},
	month = {10},
	date = {2017-10},
	journal = {Journal of Cachexia, Sarcopenia and Muscle},
	pages = {702--712},
	volume = {8},
	number = {5},
	doi = {10.1002/jcsm.12210},
	note = {PMID: 28703496
PMCID: PMC5659048},
	langid = {eng}
}


@book{alberts2002,
	title = {Molecular Biology of the Cell},
	author = {Alberts, Bruce and Johnson, Alexander and Lewis, Julian and Raff, Martin and Roberts, Keith and Walter, Peter},
	year = {2002},
	date = {2002},
	publisher = {Garland Science},
	edition = {4th}
}

@article{stec2016,
	title = {Ribosome biogenesis may augment resistance training-induced myofiber hypertrophy and is required for myotube growth in vitro},
	author = {Stec, Michael J. and Kelly, Neil A. and Many, Gina M. and Windham, Samuel T. and Tuggle, S. Craig and Bamman, Marcas M.},
	year = {2016},
	month = {04},
	date = {2016-04-15},
	journal = {American Journal of Physiology. Endocrinology and Metabolism},
	pages = {E652--E661},
	volume = {310},
	number = {8},
	doi = {10.1152/ajpendo.00486.2015},
	note = {PMID: 26860985
PMCID: PMC4835943},
	langid = {eng}
}

@article{hammarström2020,
	title = {Benefits of higher resistance-training volume are related to ribosome biogenesis},
	author = {{Hammarström}, Daniel and {Øfsteng}, Sjur and Koll, Lise and Hanestadhaugen, Marita and Hollan, Ivana and {Apró}, William and Whist, Jon Elling and Blomstrand, Eva and {Rønnestad}, Bent R. and Ellefsen, Stian},
	year = {2020},
	month = {02},
	date = {2020-02},
	journal = {The Journal of Physiology},
	pages = {543--565},
	volume = {598},
	number = {3},
	doi = {10.1113/JP278455},
	note = {PMID: 31813190},
	langid = {eng}
}

@article{hammarström2020,
	title = {Benefits of higher resistance-training volume are related to ribosome biogenesis},
	author = {{Hammarström}, Daniel and {Øfsteng}, Sjur and Koll, Lise and Hanestadhaugen, Marita and Hollan, Ivana and {Apró}, William and Whist, Jon Elling and Blomstrand, Eva and {Rønnestad}, Bent R. and Ellefsen, Stian},
	year = {2020},
	month = {02},
	date = {2020-02},
	journal = {The Journal of Physiology},
	pages = {543--565},
	volume = {598},
	number = {3},
	doi = {10.1113/JP278455},
	note = {PMID: 31813190},
	langid = {eng}
}

@article{stec2016,
	title = {Ribosome biogenesis may augment resistance training-induced myofiber hypertrophy and is required for myotube growth in vitro},
	author = {Stec, Michael J. and Kelly, Neil A. and Many, Gina M. and Windham, Samuel T. and Tuggle, S. Craig and Bamman, Marcas M.},
	year = {2016},
	month = {04},
	date = {2016-04-15},
	journal = {American Journal of Physiology. Endocrinology and Metabolism},
	pages = {E652--E661},
	volume = {310},
	number = {8},
	doi = {10.1152/ajpendo.00486.2015},
	note = {PMID: 26860985
PMCID: PMC4835943},
	langid = {eng}
}

@article{timmons2011,
	title = {Variability in training-induced skeletal muscle adaptation},
	author = {Timmons, James A.},
	year = {2011},
	month = {03},
	date = {2011-03},
	journal = {Journal of Applied Physiology (Bethesda, Md.: 1985)},
	pages = {846--853},
	volume = {110},
	number = {3},
	doi = {10.1152/japplphysiol.00934.2010},
	note = {PMID: 21030666
PMCID: PMC3069632},
	langid = {eng}
}

@article{timmons2011,
	title = {Variability in training-induced skeletal muscle adaptation},
	author = {Timmons, James A.},
	year = {2011},
	month = {03},
	date = {2011-03},
	journal = {Journal of Applied Physiology (Bethesda, Md.: 1985)},
	pages = {846--853},
	volume = {110},
	number = {3},
	doi = {10.1152/japplphysiol.00934.2010},
	note = {PMID: 21030666
PMCID: PMC3069632},
	langid = {eng}
}

@article{raue2012,
	title = {Transcriptome signature of resistance exercise adaptations: mixed muscle and fiber type specific profiles in young and old adults},
	author = {Raue, Ulrika and Trappe, Todd A. and Estrem, Shawn T. and Qian, Hui-Rong and Helvering, Leah M. and Smith, Rosamund C. and Trappe, Scott},
	year = {2012},
	month = {05},
	date = {2012-05},
	journal = {Journal of Applied Physiology (Bethesda, Md.: 1985)},
	pages = {1625--1636},
	volume = {112},
	number = {10},
	doi = {10.1152/japplphysiol.00435.2011},
	note = {PMID: 22302958
PMCID: PMC3365403},
	langid = {eng}
}

@article{thalacker-mercer2013,
	title = {Cluster analysis reveals differential transcript profiles associated with resistance training-induced human skeletal muscle hypertrophy},
	author = {Thalacker-Mercer, Anna and Stec, Michael and Cui, Xiangqin and Cross, James and Windham, Samuel and Bamman, Marcas},
	year = {2013},
	month = {06},
	date = {2013-06-17},
	journal = {Physiological Genomics},
	pages = {499--507},
	volume = {45},
	number = {12},
	doi = {10.1152/physiolgenomics.00167.2012},
	note = {PMID: 23632419
PMCID: PMC3680779},
	langid = {eng}
}

@article{stec2016,
	title = {Ribosome biogenesis may augment resistance training-induced myofiber hypertrophy and is required for myotube growth in vitro},
	author = {Stec, Michael J. and Kelly, Neil A. and Many, Gina M. and Windham, Samuel T. and Tuggle, S. Craig and Bamman, Marcas M.},
	year = {2016},
	month = {04},
	date = {2016-04-15},
	journal = {American Journal of Physiology. Endocrinology and Metabolism},
	pages = {E652--E661},
	volume = {310},
	number = {8},
	doi = {10.1152/ajpendo.00486.2015},
	note = {PMID: 26860985
PMCID: PMC4835943},
	langid = {eng}
}

@article{americancollegeofsportsmedicine2009,
	title = {American College of Sports Medicine position stand. Progression models in resistance training for healthy adults},
	author = {American College of Sports Medicine, },
	year = {2009},
	month = {03},
	date = {2009-03},
	journal = {Medicine and Science in Sports and Exercise},
	pages = {687--708},
	volume = {41},
	number = {3},
	doi = {10.1249/MSS.0b013e3181915670},
	note = {PMID: 19204579},
	langid = {eng}
}

@article{glibetic1995,
	title = {The RNA polymerase I transcription factor UBF is the product of a primary response gene},
	author = {Glibetic, M. and Taylor, L. and Larson, D. and Hannan, R. and Sells, B. and Rothblum, L.},
	year = {1995},
	month = {03},
	date = {1995-03-03},
	journal = {The Journal of Biological Chemistry},
	pages = {4209--4212},
	volume = {270},
	number = {9},
	doi = {10.1074/jbc.270.9.4209},
	note = {PMID: 7876178},
	langid = {eng}
}

@book{alberts2002,
	title = {Molecular Biology of the Cell},
	author = {Alberts, Bruce and Johnson, Alexander and Lewis, Julian and Raff, Martin and Roberts, Keith and Walter, Peter},
	year = {2002},
	date = {2002},
	publisher = {Garland Science},
	edition = {4th}
}

@book{alberts2002,
	title = {Molecular Biology of the Cell},
	author = {Alberts, Bruce and Johnson, Alexander and Lewis, Julian and Raff, Martin and Roberts, Keith and Walter, Peter},
	year = {2002},
	date = {2002},
	publisher = {Garland Science},
	edition = {4th}
}
@article{stec2016,
  title         = {
    Ribosome biogenesis may augment resistance training-induced myofiber
    hypertrophy and is required for myotube growth in vitro},
  author        = {Michael J. Stec and Neil A. Kelly and Gina M. Many and Samuel T. Windham and S. Craig Tuggle and Marcas M. Bamman},
  year          = {2016},
  month         = {apr},
  journal       = {American Journal of Physiology-Endocrinology and Metabolism},
  publisher     = {American Physiological Society},
  volume        = {310},
  number        = {8},
  pages         = {E652--E661},
  doi           = {10.1152/ajpendo.00486.2015},
  url           = {https://doi.org/10.1152%2Fajpendo.00486.2015}
}



@article{hammarstrom2020,
  title         = {Benefits of higher resistance-training volume are related to ribosome
    biogenesis},
  author        = {Daniel Hammarström and Sjur {\O}fsteng and Lise Koll and Marita
    Hanestadhaugen and Ivana Hollan and William Apr{\'{o}} and Jon Elling Whist
    and Eva Blomstrand and Bent R. R{\o}nnestad and Stian Ellefsen},
  year          = {2020},
  month         = {jan},
  journal       = {The Journal of Physiology},
  publisher     = {Wiley},
  volume        = {598},
  number        = {3},
  pages         = {543--565},
  doi           = {10.1113/jp278455},
  url           = {https://doi.org/10.1113%2Fjp278455}
}

@article{timmons2011,
  title         = {Variability in training-induced skeletal muscle adaptation},
  author        = {James A. Timmons},
  year          = {2011},
  month         = {mar},
  journal       = {Journal of Applied Physiology},
  publisher     = {American Physiological Society},
  volume        = {110},
  number        = {3},
  pages         = {846--853},
  doi           = {10.1152/japplphysiol.00934.2010},
  url           = {https://doi.org/10.1152%2Fjapplphysiol.00934.2010}
}

@article{yang2012,
  title         = {Western blot: Technique, theory, and trouble shooting},
  author        = {Ping-Chang Yang and Tahrin Mahmood},
  year          = {2012},
  journal       = {North American Journal of Medical Sciences},
  publisher     = {Medknow},
  volume        = {4},
  number        = {9},
  pages         = {429},
  doi           = {10.4103/1947-2714.100998},
  url           = {https://doi.org/10.4103%2F1947-2714.100998}
}

@article{telser2002,
  title         = {Molecular Biology of the Cell, 4th Edition},
  author        = {Alvin Telser},
  year          = {2002},
  month         = {sep},
  journal       = {Shock},
  publisher     = {Ovid Technologies (Wolters Kluwer Health)},
  volume        = {18},
  number        = {3},
  pages         = {289},
  doi           = {10.1097/00024382-200209000-00015},
  url           = {https://doi.org/10.1097%2F00024382-200209000-00015}
}

@article{ratamess2009,
  title         = {Progression Models in Resistance Training for Healthy Adults},
  author        = {Ratamess N},
  year          = {2009},
  month         = {mar},
  journal       = {Medicine {\&}amp$\mathsemicolon$ Science in Sports {\&}amp$\mathsemicolon$
    Exercise},
  publisher     = {Ovid Technologies (Wolters Kluwer Health)},
  volume        = {41},
  number        = {3},
  pages         = {687--708},
  doi           = {10.1249/mss.0b013e3181915670},
  url           = {https://doi.org/10.1249%2Fmss.0b013e3181915670}
}

@article{terzis2008,
  title         = {Resistance exercise-induced increase in muscle mass correlates with p70S6
    kinase phosphorylation in human subjects},
  author        = {Gerasimos Terzis and Giorgos Georgiadis and Grigoris Stratakos and Ioannis
    Vogiatzis and Stavros Kavouras and Panagiota Manta and Henrik Mascher and Eva
    Blomstrand},
  year          = {2007},
  month         = {sep},
  journal       = {European Journal of Applied Physiology},
  publisher     = {Springer Science and Business Media {LLC}},
  volume        = {102},
  number        = {2},
  pages         = {145--152},
  doi           = {10.1007/s00421-007-0564-y},
  url           = {https://doi.org/10.1007%2Fs00421-007-0564-y}
}

@article{terzis2010,
  title         = {The degree of p70S6k and S6 phosphorylation in human skeletal muscle in
    response to resistance exercise depends on the training volume},
  author        = {Gerasimos Terzis and Konstantinos Spengos and Henrik Mascher and Giorgos
    Georgiadis and Panagiota Manta and Eva Blomstrand},
  year          = {2010},
  month         = {jun},
  journal       = {European Journal of Applied Physiology},
  publisher     = {Springer Science and Business Media {LLC}},
  volume        = {110},
  number        = {4},
  pages         = {835--843},
  doi           = {10.1007/s00421-010-1527-2},
  url           = {https://doi.org/10.1007%2Fs00421-010-1527-2}
}

@article{thalacker2013,
  title         = {Cluster analysis reveals differential transcript profiles associated with
    resistance training-induced human skeletal muscle hypertrophy},
  author        = {Anna Thalacker-Mercer and Michael Stec and Xiangqin Cui and James Cross and
    Samuel Windham and Marcas Bamman},
  year          = {2013},
  month         = {jun},
  journal       = {Physiological Genomics},
  publisher     = {American Physiological Society},
  volume        = {45},
  number        = {12},
  pages         = {499--507},
  doi           = {10.1152/physiolgenomics.00167.2012},
  url           = {https://doi.org/10.1152%2Fphysiolgenomics.00167.2012}
}

@article{raue2012,
  title         = {Transcriptome signature of resistance exercise adaptations: mixed muscle and
    fiber type specific profiles in young and old adults},
  author        = {Ulrika Raue and Todd A. Trappe and Shawn T. Estrem and Hui-Rong Qian and Leah
    M. Helvering and Rosamund C. Smith and Scott Trappe},
  year          = {2012},
  month         = {may},
  journal       = {Journal of Applied Physiology},
  publisher     = {American Physiological Society},
  volume        = {112},
  number        = {10},
  pages         = {1625--1636},
  doi           = {10.1152/japplphysiol.00435.2011},
  url           = {https://doi.org/10.1152%2Fjapplphysiol.00435.2011}
}

@article{drummond2009,
  title         = {Rapamycin administration in humans blocks the contraction-induced increase in
    skeletal muscle protein synthesis},
  author        = {Micah J. Drummond and Christopher S. Fry and Erin L. Glynn and Hans C. Dreyer
    and Shaheen Dhanani and Kyle L. Timmerman and Elena Volpi and Blake B.
    Rasmussen},
  year          = {2009},
  month         = {mar},
  journal       = {The Journal of Physiology},
  publisher     = {Wiley},
  volume        = {587},
  number        = {7},
  pages         = {1535--1546},
  doi           = {10.1113/jphysiol.2008.163816},
  url           = {https://doi.org/10.1113%2Fjphysiol.2008.163816}
}

@article{burd2010,
  title         = {Resistance exercise volume affects myofibrillar protein synthesis and
    anabolic signalling molecule phosphorylation in young men
  },
  author        = {Nicholas A. Burd and Andrew M. Holwerda and Keegan C. Selby and Daniel W. D.
    West and Aaron W. Staples and Nathan E. Cain and Joshua G. A. Cashaback and
    James R. Potvin and Steven K. Baker and Stuart M. Phillips},
  year          = {2010},
  month         = {aug},
  journal       = {The Journal of Physiology},
  publisher     = {Wiley},
  volume        = {588},
  number        = {16},
  pages         = {3119--3130},
  doi           = {10.1113/jphysiol.2010.192856},
  url           = {https://doi.org/10.1113%2Fjphysiol.2010.192856}
}

@article{ahtiainen2015,
  title         = {Heterogeneity in resistance training-induced muscle strength and mass
    responses in men and women of different ages},
  author        = {Juha P. Ahtiainen and Simon Walker and Heikki Peltonen and Jarkko Holviala
    and Elina Sillanpää and Laura Karavirta and Janne Sallinen and Jussi Mikkola
    and Heli Valkeinen and Antti Mero and Juha J. Hulmi and Keijo Häkkinen
  },
  year          = {2015},
  month         = {jan},
  journal       = {{AGE}},
  publisher     = {Springer Science and Business Media {LLC}},
  volume        = {38},
  number        = {1},
  doi           = {10.1007/s11357-015-9870-1},
  url           = {https://doi.org/10.1007%2Fs11357-015-9870-1}
}

@article{yang2012,
  title         = {Western blot: Technique, theory, and trouble shooting},
  author        = {Ping-Chang Yang and Tahrin Mahmood},
  year          = {2012},
  journal       = {North American Journal of Medical Sciences},
  publisher     = {Medknow},
  volume        = {4},
  number        = {9},
  pages         = {429},
  doi           = {10.4103/1947-2714.100998},
  url           = {https://doi.org/10.4103%2F1947-2714.100998}
}

@article{glibetic1995,
  title         = {The {RNA} Polymerase I Transcription Factor {UBF} Is the Product of a Primary
    Response Gene},
  author        = {Marija Glibetic and Laura Taylor and Dawn Larson and Ross Hannan and Bruce
    Sells and Lawrence Rothblum},
  year          = {1995},
  month         = {mar},
  journal       = {Journal of Biological Chemistry},
  publisher     = {Elsevier {BV}},
  volume        = {270},
  number        = {9},
  pages         = {4209--4212},
  doi           = {10.1074/jbc.270.9.4209},
  url           = {https://doi.org/10.1074%2Fjbc.270.9.4209}
}

@article{progress2009,
	title = {Progression Models in Resistance Training for Healthy Adults},
	year = {2009},
	month = {03},
	date = {2009-03},
	journal = {Medicine & Science in Sports & Exercise},
	pages = {687--708},
	volume = {41},
	number = {3},
	doi = {10.1249/MSS.0b013e3181915670},
	url = {https://journals.lww.com/00005768-200903000-00026},
	langid = {en}
}

@article{porstmann1985,
	title = {Which of the commonly used marker enzymes gives the best results in colorimetric and fluorimetric enzyme immunoassays: Horseradish peroxidase, alkaline phosphatase or β-galactosidase?},
	author = {Porstmann, {Bärbel} and Porstmann, T. and Nugel, E. and Evers, U.},
	year = {1985},
	month = {05},
	date = {1985-05},
	journal = {Journal of Immunological Methods},
	pages = {27--37},
	volume = {79},
	number = {1},
	doi = {10.1016/0022-1759(85)90388-6},
	url = {https://linkinghub.elsevier.com/retrieve/pii/0022175985903886},
	langid = {en}
}

@article{mishra2019,
	title = {Improving the sensitivity of traditional Western blotting via Streptavidin containing Poly{-}horseradish peroxidase (PolyHRP)},
	author = {Mishra, Manish and Tiwari, Shuchita and Gunaseelan, Anita and Li, Dongyang and Hammock, Bruce D. and Gomes, Aldrin V.},
	year = {2019},
	month = {07},
	date = {2019-07},
	journal = {ELECTROPHORESIS},
	pages = {1731--1739},
	volume = {40},
	number = {12-13},
	doi = {10.1002/elps.201900059},
	url = {https://analyticalsciencejournals.onlinelibrary.wiley.com/doi/10.1002/elps.201900059},
	langid = {en}
}

@article{sule2023,
	title = {Western blotting (immunoblotting): history, theory, uses, protocol and problems},
	author = {Sule, Rasheed and Rivera, Gabriela and Gomes, Aldrin V},
	year = {2023},
	month = {09},
	date = {2023-09},
	journal = {BioTechniques},
	pages = {99--114},
	volume = {75},
	number = {3},
	doi = {10.2144/btn-2022-0034},
	url = {https://www.future-science.com/doi/10.2144/btn-2022-0034},
	langid = {en}
}

@article{ghosh2014,
	title = {The necessity of and strategies for improving confidence in the accuracy of western blots},
	author = {Ghosh, Rajeshwary and Gilda, Jennifer E and Gomes, Aldrin V},
	year = {2014},
	month = {10},
	date = {2014-10},
	journal = {Expert Review of Proteomics},
	pages = {549--560},
	volume = {11},
	number = {5},
	doi = {10.1586/14789450.2014.939635},
	url = {http://www.tandfonline.com/doi/full/10.1586/14789450.2014.939635},
	langid = {en}
}

@article{koller2005,
	title = {Precision and variance components in quantitative gel electrophoresis},
	author = {Koller, Angela and {Wätzig}, Hermann},
	year = {2005},
	month = {06},
	date = {2005-06},
	journal = {ELECTROPHORESIS},
	pages = {2470--2475},
	volume = {26},
	number = {12},
	doi = {10.1002/elps.200500024},
	url = {https://onlinelibrary.wiley.com/doi/10.1002/elps.200500024},
	langid = {en}
}

@article{burd2010a,
	title = {Resistance exercise volume affects myofibrillar protein synthesis and anabolic signalling molecule phosphorylation in young men},
	author = {Burd, Nicholas A. and Holwerda, Andrew M. and Selby, Keegan C. and West, Daniel W. D. and Staples, Aaron W. and Cain, Nathan E. and Cashaback, Joshua G. A. and Potvin, James R. and Baker, Steven K. and Phillips, Stuart M.},
	year = {2010},
	month = {08},
	date = {2010-08-15},
	journal = {The Journal of Physiology},
	pages = {3119--3130},
	volume = {588},
	number = {Pt 16},
	doi = {10.1113/jphysiol.2010.192856},
	note = {PMID: 20581041
PMCID: PMC2956949},
	langid = {eng}
}

@article{terzis2010a,
	title = {The degree of p70S6k and S6 phosphorylation in human skeletal muscle in response to resistance exercise depends on the training volume},
	author = {Terzis, Gerasimos and Spengos, Konstantinos and Mascher, Henrik and Georgiadis, Giorgos and Manta, Panagiota and Blomstrand, Eva},
	year = {2010},
	month = {06},
	date = {2010-06},
	journal = {European Journal of Applied Physiology},
	pages = {835{\textendash}843},
	volume = {110},
	number = {4},
	doi = {10.1007/s00421-010-1527-2},
	url = {https://doi.org/10.1007%2Fs00421-010-1527-2},
	note = {Publisher: Springer Science and Business Media LLC}
}

@article{ahtiainen2015a,
	title = {Heterogeneity in resistance training-induced muscle strength and mass responses in men and women of different ages},
	author = {Ahtiainen, Juha P. and Walker, Simon and Peltonen, Heikki and Holviala, Jarkko and {Sillanpää}, Elina and Karavirta, Laura and Sallinen, Janne and Mikkola, Jussi and Valkeinen, Heli and Mero, Antti and Hulmi, Juha J. and {Häkkinen}, Keijo},
	year = {2015},
	month = {01},
	date = {2015-01},
	journal = {AGE},
	volume = {38},
	number = {1},
	doi = {10.1007/s11357-015-9870-1},
	url = {https://doi.org/10.1007%2Fs11357-015-9870-1},
	note = {Publisher: Springer Science and Business Media LLC}
}

@article{yang2012a,
	title = {Western blot: Technique, theory, and trouble shooting},
	author = {Yang, Ping-Chang and Mahmood, Tahrin},
	year = {2012},
	date = {2012},
	journal = {North American Journal of Medical Sciences},
	pages = {429},
	volume = {4},
	number = {9},
	doi = {10.4103/1947-2714.100998},
	url = {https://doi.org/10.4103%2F1947-2714.100998},
	note = {Publisher: Medknow}
}

@article{ghosh2014a,
	title = {The necessity of and strategies for improving confidence in the accuracy of western blots},
	author = {Ghosh, Rajeshwary and Gilda, Jennifer E and Gomes, Aldrin V},
	year = {2014},
	month = {10},
	date = {2014-10},
	journal = {Expert Review of Proteomics},
	pages = {549{\textendash}560},
	volume = {11},
	number = {5},
	doi = {10.1586/14789450.2014.939635},
	url = {http://www.tandfonline.com/doi/full/10.1586/14789450.2014.939635}
}
